\usepackage[UTF8]{ctex}
@article{dworkin2015sha,
  title={SHA-3 standard: Permutation-based hash and extendable-output functions},
  author={Dworkin, Morris J and others},
  year={2015}
}

}